@misc{depth,
	author = {Etay Meiri},
	title = {SSAO With Depth Reconstruction},
	howpublished = {\url{https://ogldev.org/www/tutorial46/tutorial46.html}},
	note = {Accessed: 11/06/2021}
}

@inproceedings{hbao,
	author = {Bavoil, Louis and Sainz, Miguel and Dimitrov, Rouslan},
	title = {Image-Space Horizon-Based Ambient Occlusion},
	year = {2008},
	isbn = {9781605583433},
	publisher = {Association for Computing Machinery},
	address = {New York, NY, USA},
	url = {https://doi.org/10.1145/1401032.1401061},
	doi = {10.1145/1401032.1401061},
	booktitle = {ACM SIGGRAPH 2008 Talks},
	articleno = {22},
	numpages = {1},
	location = {Los Angeles, California},
	series = {SIGGRAPH '08}
}

@misc{noise,
	author = {Christoph Peters},
	title = {Free blue noise textures},
	howpublished = {\url{http://momentsingraphics.de/BlueNoise.html}},
	note = {Accessed: 11/06/2021}
}